%YAML 1.1
%TAG !u! tag:unity3d.com,2011:
--- !u!29 &1
SceneSettings:
  m_ObjectHideFlags: 0
  m_PVSData: 
  m_PVSObjectsArray: []
  m_PVSPortalsArray: []
  m_OcclusionBakeSettings:
    smallestOccluder: 5
    smallestHole: .25
    backfaceThreshold: 100
--- !u!104 &2
RenderSettings:
  m_ObjectHideFlags: 0
  serializedVersion: 6
  m_Fog: 0
  m_FogColor: {r: .5, g: .5, b: .5, a: 1}
  m_FogMode: 3
  m_FogDensity: .00999999978
  m_LinearFogStart: 0
  m_LinearFogEnd: 300
  m_AmbientSkyColor: {r: .211999997, g: .226999998, b: .259000003, a: 1}
  m_AmbientEquatorColor: {r: .114, g: .125, b: .133000001, a: 1}
  m_AmbientGroundColor: {r: .0469999984, g: .0430000015, b: .0350000001, a: 1}
  m_AmbientIntensity: 1
  m_AmbientMode: 3
  m_SkyboxMaterial: {fileID: 0}
  m_HaloStrength: .5
  m_FlareStrength: 1
  m_FlareFadeSpeed: 3
  m_HaloTexture: {fileID: 0}
  m_SpotCookie: {fileID: 10001, guid: 0000000000000000e000000000000000, type: 0}
  m_DefaultReflectionMode: 0
  m_DefaultReflectionResolution: 128
  m_ReflectionBounces: 1
  m_ReflectionIntensity: 1
  m_CustomReflection: {fileID: 0}
  m_Sun: {fileID: 0}
--- !u!127 &3
LevelGameManager:
  m_ObjectHideFlags: 0
--- !u!157 &4
LightmapSettings:
  m_ObjectHideFlags: 0
  serializedVersion: 5
  m_GIWorkflowMode: 0
  m_LightmapsMode: 1
  m_GISettings:
    serializedVersion: 2
    m_BounceScale: 1
    m_IndirectOutputScale: 1
    m_AlbedoBoost: 1
    m_TemporalCoherenceThreshold: 1
    m_EnvironmentLightingMode: 0
    m_EnableBakedLightmaps: 0
    m_EnableRealtimeLightmaps: 0
  m_LightmapEditorSettings:
    serializedVersion: 3
    m_Resolution: 2
    m_BakeResolution: 40
    m_TextureWidth: 1024
    m_TextureHeight: 1024
    m_AOMaxDistance: 1
    m_Padding: 2
    m_CompAOExponent: 0
    m_LightmapParameters: {fileID: 0}
    m_TextureCompression: 1
    m_FinalGather: 0
    m_FinalGatherRayCount: 1024
  m_LightmapSnapshot: {fileID: 0}
  m_RuntimeCPUUsage: 25
--- !u!196 &5
NavMeshSettings:
  serializedVersion: 2
  m_ObjectHideFlags: 0
  m_BuildSettings:
    serializedVersion: 2
    agentRadius: .5
    agentHeight: 2
    agentSlope: 45
    agentClimb: .400000006
    ledgeDropHeight: 0
    maxJumpAcrossDistance: 0
    accuratePlacement: 0
    minRegionArea: 2
    cellSize: .166666672
    manualCellSize: 0
  m_NavMeshData: {fileID: 0}
--- !u!1 &176591921
GameObject:
  m_ObjectHideFlags: 0
  m_PrefabParentObject: {fileID: 0}
  m_PrefabInternal: {fileID: 0}
  serializedVersion: 4
  m_Component:
  - 4: {fileID: 176591924}
  - 58: {fileID: 176591923}
  - 250: {fileID: 176591922}
  m_Layer: 0
  m_Name: Exploder
  m_TagString: Untagged
  m_Icon: {fileID: 0}
  m_NavMeshLayer: 0
  m_StaticEditorFlags: 0
  m_IsActive: 0
--- !u!250 &176591922
PointEffector2D:
  m_ObjectHideFlags: 0
  m_PrefabParentObject: {fileID: 0}
  m_PrefabInternal: {fileID: 0}
  m_GameObject: {fileID: 176591921}
  m_Enabled: 1
  m_UseColliderMask: 1
  m_ColliderMask:
    serializedVersion: 2
    m_Bits: 4294967295
  m_ForceMagnitude: 1000
  m_ForceVariation: 0
  m_DistanceScale: 1
  m_Drag: 0
  m_AngularDrag: 0
  m_ForceSource: 0
  m_ForceTarget: 0
  m_ForceMode: 0
--- !u!58 &176591923
CircleCollider2D:
  m_ObjectHideFlags: 0
  m_PrefabParentObject: {fileID: 0}
  m_PrefabInternal: {fileID: 0}
  m_GameObject: {fileID: 176591921}
  m_Enabled: 1
  m_Material: {fileID: 0}
  m_IsTrigger: 1
  m_UsedByEffector: 1
  m_Offset: {x: 0, y: 0}
  serializedVersion: 2
  m_Radius: 6.03000021
--- !u!4 &176591924
Transform:
  m_ObjectHideFlags: 0
  m_PrefabParentObject: {fileID: 0}
  m_PrefabInternal: {fileID: 0}
  m_GameObject: {fileID: 176591921}
  m_LocalRotation: {x: 0, y: 0, z: 0, w: 1}
  m_LocalPosition: {x: 33.6899986, y: 11.6000004, z: -.0500000007}
  m_LocalScale: {x: 1, y: 1, z: 1}
  m_Children: []
  m_Father: {fileID: 0}
  m_RootOrder: 13
--- !u!4 &540111749 stripped
Transform:
  m_PrefabParentObject: {fileID: 489218, guid: 0fbad0c1f9d5a4dc4b5b0f0f88d284fa, type: 2}
  m_PrefabInternal: {fileID: 849722297}
--- !u!1001 &612223323
Prefab:
  m_ObjectHideFlags: 0
  serializedVersion: 2
  m_Modification:
    m_TransformParent: {fileID: 0}
    m_Modifications:
    - target: {fileID: 495166, guid: 5c0249a12d44f4145b0272c3158e588b, type: 2}
      propertyPath: m_LocalPosition.x
      value: 12.9700003
      objectReference: {fileID: 0}
    - target: {fileID: 495166, guid: 5c0249a12d44f4145b0272c3158e588b, type: 2}
      propertyPath: m_LocalPosition.y
      value: 5.11999989
      objectReference: {fileID: 0}
    - target: {fileID: 495166, guid: 5c0249a12d44f4145b0272c3158e588b, type: 2}
      propertyPath: m_LocalPosition.z
      value: 0
      objectReference: {fileID: 0}
    - target: {fileID: 495166, guid: 5c0249a12d44f4145b0272c3158e588b, type: 2}
      propertyPath: m_LocalRotation.x
      value: 0
      objectReference: {fileID: 0}
    - target: {fileID: 495166, guid: 5c0249a12d44f4145b0272c3158e588b, type: 2}
      propertyPath: m_LocalRotation.y
      value: 0
      objectReference: {fileID: 0}
    - target: {fileID: 495166, guid: 5c0249a12d44f4145b0272c3158e588b, type: 2}
      propertyPath: m_LocalRotation.z
      value: 0
      objectReference: {fileID: 0}
    - target: {fileID: 495166, guid: 5c0249a12d44f4145b0272c3158e588b, type: 2}
      propertyPath: m_LocalRotation.w
      value: 1
      objectReference: {fileID: 0}
    - target: {fileID: 495166, guid: 5c0249a12d44f4145b0272c3158e588b, type: 2}
      propertyPath: m_RootOrder
      value: 0
      objectReference: {fileID: 0}
    - target: {fileID: 146816, guid: 5c0249a12d44f4145b0272c3158e588b, type: 2}
      propertyPath: m_Name
      value: Platform 1
      objectReference: {fileID: 0}
    - target: {fileID: 6169832, guid: 5c0249a12d44f4145b0272c3158e588b, type: 2}
      propertyPath: m_UsedByEffector
      value: 1
      objectReference: {fileID: 0}
    - target: {fileID: 25130286, guid: 5c0249a12d44f4145b0272c3158e588b, type: 2}
      propertyPath: m_UseSideFriction
      value: 0
      objectReference: {fileID: 0}
    - target: {fileID: 25130286, guid: 5c0249a12d44f4145b0272c3158e588b, type: 2}
      propertyPath: m_UseOneWay
      value: 1
      objectReference: {fileID: 0}
    m_RemovedComponents: []
  m_ParentPrefab: {fileID: 100100000, guid: 5c0249a12d44f4145b0272c3158e588b, type: 2}
  m_IsPrefabParent: 0
--- !u!1 &698388173
GameObject:
  m_ObjectHideFlags: 0
  m_PrefabParentObject: {fileID: 0}
  m_PrefabInternal: {fileID: 0}
  serializedVersion: 4
  m_Component:
  - 4: {fileID: 698388174}
  m_Layer: 0
  m_Name: Platforms
  m_TagString: Untagged
  m_Icon: {fileID: 0}
  m_NavMeshLayer: 0
  m_StaticEditorFlags: 0
  m_IsActive: 1
--- !u!4 &698388174
Transform:
  m_ObjectHideFlags: 0
  m_PrefabParentObject: {fileID: 0}
  m_PrefabInternal: {fileID: 0}
  m_GameObject: {fileID: 698388173}
  m_LocalRotation: {x: 0, y: 0, z: 0, w: 1}
  m_LocalPosition: {x: 0, y: 0, z: 0}
  m_LocalScale: {x: 1, y: 1, z: 1}
  m_Children:
  - {fileID: 1433304845}
  - {fileID: 540111749}
  - {fileID: 2096204379}
  m_Father: {fileID: 0}
  m_RootOrder: 7
--- !u!1 &753224662
GameObject:
  m_ObjectHideFlags: 0
  m_PrefabParentObject: {fileID: 0}
  m_PrefabInternal: {fileID: 0}
  serializedVersion: 4
  m_Component:
  - 4: {fileID: 753224664}
  - 108: {fileID: 753224663}
  m_Layer: 0
  m_Name: Directional light
  m_TagString: Untagged
  m_Icon: {fileID: 0}
  m_NavMeshLayer: 0
  m_StaticEditorFlags: 0
  m_IsActive: 1
--- !u!108 &753224663
Light:
  m_ObjectHideFlags: 0
  m_PrefabParentObject: {fileID: 0}
  m_PrefabInternal: {fileID: 0}
  m_GameObject: {fileID: 753224662}
  m_Enabled: 1
  serializedVersion: 6
  m_Type: 1
  m_Color: {r: 1, g: 1, b: 1, a: 1}
  m_Intensity: 1
  m_Range: 10
  m_SpotAngle: 30
  m_CookieSize: 10
  m_Shadows:
    m_Type: 0
    m_Resolution: -1
    m_Strength: 1
    m_Bias: .0500000007
    m_NormalBias: .400000006
  m_Cookie: {fileID: 0}
  m_DrawHalo: 0
  m_Flare: {fileID: 0}
  m_RenderMode: 0
  m_CullingMask:
    serializedVersion: 2
    m_Bits: 4294967295
  m_Lightmapping: 4
  m_BounceIntensity: 1
  m_ShadowRadius: 0
  m_ShadowAngle: 0
  m_AreaSize: {x: 1, y: 1}
--- !u!4 &753224664
Transform:
  m_ObjectHideFlags: 0
  m_PrefabParentObject: {fileID: 0}
  m_PrefabInternal: {fileID: 0}
  m_GameObject: {fileID: 753224662}
  m_LocalRotation: {x: .408217937, y: -.234569728, z: .109381676, w: .875426054}
  m_LocalPosition: {x: 0, y: 0, z: 0}
  m_LocalScale: {x: 1, y: 1, z: 1}
  m_Children: []
  m_Father: {fileID: 0}
  m_RootOrder: 10
--- !u!1001 &849722297
Prefab:
  m_ObjectHideFlags: 0
  serializedVersion: 2
  m_Modification:
    m_TransformParent: {fileID: 698388174}
    m_Modifications:
    - target: {fileID: 489218, guid: 0fbad0c1f9d5a4dc4b5b0f0f88d284fa, type: 2}
      propertyPath: m_LocalPosition.x
      value: 5.67000008
      objectReference: {fileID: 0}
    - target: {fileID: 489218, guid: 0fbad0c1f9d5a4dc4b5b0f0f88d284fa, type: 2}
      propertyPath: m_LocalPosition.y
      value: 0
      objectReference: {fileID: 0}
    - target: {fileID: 489218, guid: 0fbad0c1f9d5a4dc4b5b0f0f88d284fa, type: 2}
      propertyPath: m_LocalPosition.z
      value: 0
      objectReference: {fileID: 0}
    - target: {fileID: 489218, guid: 0fbad0c1f9d5a4dc4b5b0f0f88d284fa, type: 2}
      propertyPath: m_LocalRotation.x
      value: 0
      objectReference: {fileID: 0}
    - target: {fileID: 489218, guid: 0fbad0c1f9d5a4dc4b5b0f0f88d284fa, type: 2}
      propertyPath: m_LocalRotation.y
      value: 0
      objectReference: {fileID: 0}
    - target: {fileID: 489218, guid: 0fbad0c1f9d5a4dc4b5b0f0f88d284fa, type: 2}
      propertyPath: m_LocalRotation.z
      value: 0
      objectReference: {fileID: 0}
    - target: {fileID: 489218, guid: 0fbad0c1f9d5a4dc4b5b0f0f88d284fa, type: 2}
      propertyPath: m_LocalRotation.w
      value: 1
      objectReference: {fileID: 0}
    - target: {fileID: 489218, guid: 0fbad0c1f9d5a4dc4b5b0f0f88d284fa, type: 2}
      propertyPath: m_RootOrder
      value: 1
      objectReference: {fileID: 0}
    - target: {fileID: 117640, guid: 0fbad0c1f9d5a4dc4b5b0f0f88d284fa, type: 2}
      propertyPath: m_Name
      value: CloudMom 2
      objectReference: {fileID: 0}
    - target: {fileID: 11415086, guid: 0fbad0c1f9d5a4dc4b5b0f0f88d284fa, type: 2}
      propertyPath: offset
      value: .660000026
      objectReference: {fileID: 0}
    m_RemovedComponents: []
  m_ParentPrefab: {fileID: 100100000, guid: 0fbad0c1f9d5a4dc4b5b0f0f88d284fa, type: 2}
  m_IsPrefabParent: 0
--- !u!1001 &1181246937
Prefab:
  m_ObjectHideFlags: 0
  serializedVersion: 2
  m_Modification:
    m_TransformParent: {fileID: 0}
    m_Modifications:
    - target: {fileID: 495166, guid: 5c0249a12d44f4145b0272c3158e588b, type: 2}
      propertyPath: m_LocalPosition.x
      value: 30.6399994
      objectReference: {fileID: 0}
    - target: {fileID: 495166, guid: 5c0249a12d44f4145b0272c3158e588b, type: 2}
      propertyPath: m_LocalPosition.y
      value: 10.2600002
      objectReference: {fileID: 0}
    - target: {fileID: 495166, guid: 5c0249a12d44f4145b0272c3158e588b, type: 2}
      propertyPath: m_LocalPosition.z
      value: 0
      objectReference: {fileID: 0}
    - target: {fileID: 495166, guid: 5c0249a12d44f4145b0272c3158e588b, type: 2}
      propertyPath: m_LocalRotation.x
      value: 0
      objectReference: {fileID: 0}
    - target: {fileID: 495166, guid: 5c0249a12d44f4145b0272c3158e588b, type: 2}
      propertyPath: m_LocalRotation.y
      value: 0
      objectReference: {fileID: 0}
    - target: {fileID: 495166, guid: 5c0249a12d44f4145b0272c3158e588b, type: 2}
      propertyPath: m_LocalRotation.z
      value: 0
      objectReference: {fileID: 0}
    - target: {fileID: 495166, guid: 5c0249a12d44f4145b0272c3158e588b, type: 2}
      propertyPath: m_LocalRotation.w
      value: 1
      objectReference: {fileID: 0}
    - target: {fileID: 495166, guid: 5c0249a12d44f4145b0272c3158e588b, type: 2}
      propertyPath: m_RootOrder
      value: 6
      objectReference: {fileID: 0}
    - target: {fileID: 146816, guid: 5c0249a12d44f4145b0272c3158e588b, type: 2}
      propertyPath: m_Name
      value: Platform 4
      objectReference: {fileID: 0}
    - target: {fileID: 6169832, guid: 5c0249a12d44f4145b0272c3158e588b, type: 2}
      propertyPath: m_UsedByEffector
      value: 1
      objectReference: {fileID: 0}
    - target: {fileID: 25130286, guid: 5c0249a12d44f4145b0272c3158e588b, type: 2}
      propertyPath: m_UseSideFriction
      value: 0
      objectReference: {fileID: 0}
    - target: {fileID: 25130286, guid: 5c0249a12d44f4145b0272c3158e588b, type: 2}
      propertyPath: m_UseOneWay
      value: 1
      objectReference: {fileID: 0}
    m_RemovedComponents: []
  m_ParentPrefab: {fileID: 100100000, guid: 5c0249a12d44f4145b0272c3158e588b, type: 2}
  m_IsPrefabParent: 0
--- !u!1001 &1204764041
Prefab:
  m_ObjectHideFlags: 0
  serializedVersion: 2
  m_Modification:
    m_TransformParent: {fileID: 0}
    m_Modifications:
    - target: {fileID: 495166, guid: 5c0249a12d44f4145b0272c3158e588b, type: 2}
      propertyPath: m_LocalPosition.x
      value: 10.6099997
      objectReference: {fileID: 0}
    - target: {fileID: 495166, guid: 5c0249a12d44f4145b0272c3158e588b, type: 2}
      propertyPath: m_LocalPosition.y
      value: 0
      objectReference: {fileID: 0}
    - target: {fileID: 495166, guid: 5c0249a12d44f4145b0272c3158e588b, type: 2}
      propertyPath: m_LocalPosition.z
      value: 0
      objectReference: {fileID: 0}
    - target: {fileID: 495166, guid: 5c0249a12d44f4145b0272c3158e588b, type: 2}
      propertyPath: m_LocalRotation.x
      value: 0
      objectReference: {fileID: 0}
    - target: {fileID: 495166, guid: 5c0249a12d44f4145b0272c3158e588b, type: 2}
      propertyPath: m_LocalRotation.y
      value: 0
      objectReference: {fileID: 0}
    - target: {fileID: 495166, guid: 5c0249a12d44f4145b0272c3158e588b, type: 2}
      propertyPath: m_LocalRotation.z
      value: 0
      objectReference: {fileID: 0}
    - target: {fileID: 495166, guid: 5c0249a12d44f4145b0272c3158e588b, type: 2}
      propertyPath: m_LocalRotation.w
      value: 1
      objectReference: {fileID: 0}
    - target: {fileID: 495166, guid: 5c0249a12d44f4145b0272c3158e588b, type: 2}
      propertyPath: m_RootOrder
      value: 3
      objectReference: {fileID: 0}
    m_RemovedComponents: []
  m_ParentPrefab: {fileID: 100100000, guid: 5c0249a12d44f4145b0272c3158e588b, type: 2}
  m_IsPrefabParent: 0
--- !u!1 &1269592577 stripped
GameObject:
  m_PrefabParentObject: {fileID: 146816, guid: 5c0249a12d44f4145b0272c3158e588b, type: 2}
  m_PrefabInternal: {fileID: 2033441980}
--- !u!252 &1269592578
SurfaceEffector2D:
  m_ObjectHideFlags: 0
  m_PrefabParentObject: {fileID: 0}
  m_PrefabInternal: {fileID: 0}
  m_GameObject: {fileID: 1269592577}
  m_Enabled: 1
  m_UseColliderMask: 1
  m_ColliderMask:
    serializedVersion: 2
    m_Bits: 4294967295
  m_Speed: -50
  m_SpeedVariation: 0
  m_ForceScale: .100000001
  m_UseContactForce: 0
  m_UseFriction: 1
  m_UseBounce: 1
--- !u!1 &1327284456
GameObject:
  m_ObjectHideFlags: 0
  m_PrefabParentObject: {fileID: 0}
  m_PrefabInternal: {fileID: 0}
  serializedVersion: 4
  m_Component:
  - 4: {fileID: 1327284460}
  - 33: {fileID: 1327284459}
  - 23: {fileID: 1327284458}
  - 61: {fileID: 1327284457}
  m_Layer: 0
  m_Name: Cube 1
  m_TagString: Untagged
  m_Icon: {fileID: 0}
  m_NavMeshLayer: 0
  m_StaticEditorFlags: 0
  m_IsActive: 1
--- !u!61 &1327284457
BoxCollider2D:
  m_ObjectHideFlags: 0
  m_PrefabParentObject: {fileID: 0}
  m_PrefabInternal: {fileID: 0}
  m_GameObject: {fileID: 1327284456}
  m_Enabled: 1
  m_Material: {fileID: 0}
  m_IsTrigger: 0
  m_UsedByEffector: 0
  m_Offset: {x: 0, y: 0}
  serializedVersion: 2
  m_Size: {x: 1, y: 1}
--- !u!23 &1327284458
MeshRenderer:
  m_ObjectHideFlags: 0
  m_PrefabParentObject: {fileID: 0}
  m_PrefabInternal: {fileID: 0}
  m_GameObject: {fileID: 1327284456}
  m_Enabled: 1
  m_CastShadows: 1
  m_ReceiveShadows: 1
  m_Materials:
  - {fileID: 10303, guid: 0000000000000000f000000000000000, type: 0}
  m_SubsetIndices: 
  m_StaticBatchRoot: {fileID: 0}
  m_UseLightProbes: 1
  m_ReflectionProbeUsage: 1
  m_ProbeAnchor: {fileID: 0}
  m_ScaleInLightmap: 1
  m_PreserveUVs: 1
  m_ImportantGI: 0
  m_AutoUVMaxDistance: .5
  m_AutoUVMaxAngle: 89
  m_LightmapParameters: {fileID: 0}
  m_SortingLayerID: 0
  m_SortingOrder: 0
--- !u!33 &1327284459
MeshFilter:
  m_ObjectHideFlags: 0
  m_PrefabParentObject: {fileID: 0}
  m_PrefabInternal: {fileID: 0}
  m_GameObject: {fileID: 1327284456}
  m_Mesh: {fileID: 10202, guid: 0000000000000000e000000000000000, type: 0}
--- !u!4 &1327284460
Transform:
  m_ObjectHideFlags: 0
  m_PrefabParentObject: {fileID: 0}
  m_PrefabInternal: {fileID: 0}
  m_GameObject: {fileID: 1327284456}
  m_LocalRotation: {x: 0, y: 0, z: 0, w: 1}
  m_LocalPosition: {x: 39.5400009, y: 14.0699997, z: -.0500000007}
  m_LocalScale: {x: 1, y: 17.7012119, z: 1}
  m_Children: []
  m_Father: {fileID: 0}
  m_RootOrder: 4
--- !u!1001 &1418506955
Prefab:
  m_ObjectHideFlags: 0
  serializedVersion: 2
  m_Modification:
    m_TransformParent: {fileID: 698388174}
    m_Modifications:
    - target: {fileID: 489218, guid: 0fbad0c1f9d5a4dc4b5b0f0f88d284fa, type: 2}
      propertyPath: m_LocalPosition.x
      value: 0
      objectReference: {fileID: 0}
    - target: {fileID: 489218, guid: 0fbad0c1f9d5a4dc4b5b0f0f88d284fa, type: 2}
      propertyPath: m_LocalPosition.y
      value: 0
      objectReference: {fileID: 0}
    - target: {fileID: 489218, guid: 0fbad0c1f9d5a4dc4b5b0f0f88d284fa, type: 2}
      propertyPath: m_LocalPosition.z
      value: 0
      objectReference: {fileID: 0}
    - target: {fileID: 489218, guid: 0fbad0c1f9d5a4dc4b5b0f0f88d284fa, type: 2}
      propertyPath: m_LocalRotation.x
      value: 0
      objectReference: {fileID: 0}
    - target: {fileID: 489218, guid: 0fbad0c1f9d5a4dc4b5b0f0f88d284fa, type: 2}
      propertyPath: m_LocalRotation.y
      value: 0
      objectReference: {fileID: 0}
    - target: {fileID: 489218, guid: 0fbad0c1f9d5a4dc4b5b0f0f88d284fa, type: 2}
      propertyPath: m_LocalRotation.z
      value: 0
      objectReference: {fileID: 0}
    - target: {fileID: 489218, guid: 0fbad0c1f9d5a4dc4b5b0f0f88d284fa, type: 2}
      propertyPath: m_LocalRotation.w
      value: 1
      objectReference: {fileID: 0}
    - target: {fileID: 489218, guid: 0fbad0c1f9d5a4dc4b5b0f0f88d284fa, type: 2}
      propertyPath: m_RootOrder
      value: 2
      objectReference: {fileID: 0}
    - target: {fileID: 117640, guid: 0fbad0c1f9d5a4dc4b5b0f0f88d284fa, type: 2}
      propertyPath: m_Name
      value: CloudMom 1
      objectReference: {fileID: 0}
    - target: {fileID: 11415086, guid: 0fbad0c1f9d5a4dc4b5b0f0f88d284fa, type: 2}
      propertyPath: offset
      value: .330000013
      objectReference: {fileID: 0}
    m_RemovedComponents: []
  m_ParentPrefab: {fileID: 100100000, guid: 0fbad0c1f9d5a4dc4b5b0f0f88d284fa, type: 2}
  m_IsPrefabParent: 0
--- !u!4 &1433304845 stripped
Transform:
  m_PrefabParentObject: {fileID: 489218, guid: 0fbad0c1f9d5a4dc4b5b0f0f88d284fa, type: 2}
  m_PrefabInternal: {fileID: 1843173517}
--- !u!1 &1731486230
GameObject:
  m_ObjectHideFlags: 0
  m_PrefabParentObject: {fileID: 0}
  m_PrefabInternal: {fileID: 0}
  serializedVersion: 4
  m_Component:
  - 4: {fileID: 1731486231}
  - 114: {fileID: 1731486232}
  - 50: {fileID: 1731486233}
  - 58: {fileID: 1731486235}
  - 61: {fileID: 1731486234}
  m_Layer: 8
  m_Name: Player
  m_TagString: Untagged
  m_Icon: {fileID: 0}
  m_NavMeshLayer: 0
  m_StaticEditorFlags: 0
  m_IsActive: 1
--- !u!4 &1731486231
Transform:
  m_ObjectHideFlags: 0
  m_PrefabParentObject: {fileID: 0}
  m_PrefabInternal: {fileID: 0}
  m_GameObject: {fileID: 1731486230}
  m_LocalRotation: {x: 0, y: 0, z: 0, w: 1}
  m_LocalPosition: {x: 32.3100014, y: 13.2299995, z: 0}
  m_LocalScale: {x: 1, y: 1, z: 1}
  m_Children:
  - {fileID: 1931923359}
  - {fileID: 1930015736}
  - {fileID: 1746541685}
  m_Father: {fileID: 0}
  m_RootOrder: 8
--- !u!114 &1731486232
MonoBehaviour:
  m_ObjectHideFlags: 0
  m_PrefabParentObject: {fileID: 0}
  m_PrefabInternal: {fileID: 0}
  m_GameObject: {fileID: 1731486230}
  m_Enabled: 1
  m_EditorHideFlags: 0
  m_Script: {fileID: 11500000, guid: 7eef334c91aae4b37b7fdfe93d7b6153, type: 3}
  m_Name: 
  m_EditorClassIdentifier: 
  exploder: {fileID: 176591921}
  animator: {fileID: 1930015734}
  speed: 10
  groundSensor: {fileID: 1931923359}
  radius: 1.10000002
  jumpForce: 1200
  groundLayers:
    serializedVersion: 2
    m_Bits: 4294967039
--- !u!50 &1731486233
Rigidbody2D:
  m_ObjectHideFlags: 0
  m_PrefabParentObject: {fileID: 0}
  m_PrefabInternal: {fileID: 0}
  m_GameObject: {fileID: 1731486230}
  m_Mass: 1
  m_LinearDrag: 0
  m_AngularDrag: .0500000007
  m_GravityScale: 4.17999983
  m_FixedAngle: 1
  m_IsKinematic: 0
  m_Interpolate: 0
  m_SleepingMode: 1
  m_CollisionDetection: 0
--- !u!61 &1731486234
BoxCollider2D:
  m_ObjectHideFlags: 0
  m_PrefabParentObject: {fileID: 0}
  m_PrefabInternal: {fileID: 0}
  m_GameObject: {fileID: 1731486230}
  m_Enabled: 1
  m_Material: {fileID: 6200000, guid: 9dbcf45e834264584b4115a06ebd9f99, type: 2}
  m_IsTrigger: 0
  m_UsedByEffector: 0
  m_Offset: {x: 0, y: .340000004}
  serializedVersion: 2
  m_Size: {x: .910000026, y: 1.71000004}
--- !u!58 &1731486235
CircleCollider2D:
  m_ObjectHideFlags: 0
  m_PrefabParentObject: {fileID: 0}
  m_PrefabInternal: {fileID: 0}
  m_GameObject: {fileID: 1731486230}
  m_Enabled: 1
  m_Material: {fileID: 6200000, guid: 9dbcf45e834264584b4115a06ebd9f99, type: 2}
  m_IsTrigger: 0
  m_UsedByEffector: 0
  m_Offset: {x: 0, y: -.610000014}
  serializedVersion: 2
  m_Radius: .5
--- !u!1 &1746541680
GameObject:
  m_ObjectHideFlags: 0
  m_PrefabParentObject: {fileID: 0}
  m_PrefabInternal: {fileID: 0}
  serializedVersion: 4
  m_Component:
  - 4: {fileID: 1746541685}
  - 20: {fileID: 1746541684}
  - 92: {fileID: 1746541683}
  - 124: {fileID: 1746541682}
  - 81: {fileID: 1746541681}
  m_Layer: 0
  m_Name: Main Camera
  m_TagString: MainCamera
  m_Icon: {fileID: 0}
  m_NavMeshLayer: 0
  m_StaticEditorFlags: 0
  m_IsActive: 1
--- !u!81 &1746541681
AudioListener:
  m_ObjectHideFlags: 0
  m_PrefabParentObject: {fileID: 0}
  m_PrefabInternal: {fileID: 0}
  m_GameObject: {fileID: 1746541680}
  m_Enabled: 1
--- !u!124 &1746541682
Behaviour:
  m_ObjectHideFlags: 0
  m_PrefabParentObject: {fileID: 0}
  m_PrefabInternal: {fileID: 0}
  m_GameObject: {fileID: 1746541680}
  m_Enabled: 1
--- !u!92 &1746541683
Behaviour:
  m_ObjectHideFlags: 0
  m_PrefabParentObject: {fileID: 0}
  m_PrefabInternal: {fileID: 0}
  m_GameObject: {fileID: 1746541680}
  m_Enabled: 1
--- !u!20 &1746541684
Camera:
  m_ObjectHideFlags: 0
  m_PrefabParentObject: {fileID: 0}
  m_PrefabInternal: {fileID: 0}
  m_GameObject: {fileID: 1746541680}
  m_Enabled: 1
  serializedVersion: 2
  m_ClearFlags: 1
  m_BackGroundColor: {r: .192156866, g: .301960796, b: .474509805, a: .0196078438}
  m_NormalizedViewPortRect:
    serializedVersion: 2
    x: 0
    y: 0
    width: 1
    height: 1
  near clip plane: .300000012
  far clip plane: 1000
  field of view: 60
  orthographic: 1
  orthographic size: 5
  m_Depth: -1
  m_CullingMask:
    serializedVersion: 2
    m_Bits: 4294967295
  m_RenderingPath: -1
  m_TargetTexture: {fileID: 0}
  m_TargetDisplay: 0
  m_HDR: 0
  m_OcclusionCulling: 1
  m_StereoConvergence: 10
  m_StereoSeparation: .0219999999
--- !u!4 &1746541685
Transform:
  m_ObjectHideFlags: 0
  m_PrefabParentObject: {fileID: 0}
  m_PrefabInternal: {fileID: 0}
  m_GameObject: {fileID: 1746541680}
  m_LocalRotation: {x: 0, y: 0, z: 0, w: 1}
  m_LocalPosition: {x: 0, y: 0, z: -10}
  m_LocalScale: {x: 1, y: 1, z: 1}
  m_Children: []
  m_Father: {fileID: 1731486231}
  m_RootOrder: 2
--- !u!1001 &1843173517
Prefab:
  m_ObjectHideFlags: 0
  serializedVersion: 2
  m_Modification:
    m_TransformParent: {fileID: 698388174}
    m_Modifications:
    - target: {fileID: 489218, guid: 0fbad0c1f9d5a4dc4b5b0f0f88d284fa, type: 2}
      propertyPath: m_LocalPosition.x
      value: -5.69000006
      objectReference: {fileID: 0}
    - target: {fileID: 489218, guid: 0fbad0c1f9d5a4dc4b5b0f0f88d284fa, type: 2}
      propertyPath: m_LocalPosition.y
      value: 0
      objectReference: {fileID: 0}
    - target: {fileID: 489218, guid: 0fbad0c1f9d5a4dc4b5b0f0f88d284fa, type: 2}
      propertyPath: m_LocalPosition.z
      value: 0
      objectReference: {fileID: 0}
    - target: {fileID: 489218, guid: 0fbad0c1f9d5a4dc4b5b0f0f88d284fa, type: 2}
      propertyPath: m_LocalRotation.x
      value: 0
      objectReference: {fileID: 0}
    - target: {fileID: 489218, guid: 0fbad0c1f9d5a4dc4b5b0f0f88d284fa, type: 2}
      propertyPath: m_LocalRotation.y
      value: 0
      objectReference: {fileID: 0}
    - target: {fileID: 489218, guid: 0fbad0c1f9d5a4dc4b5b0f0f88d284fa, type: 2}
      propertyPath: m_LocalRotation.z
      value: 0
      objectReference: {fileID: 0}
    - target: {fileID: 489218, guid: 0fbad0c1f9d5a4dc4b5b0f0f88d284fa, type: 2}
      propertyPath: m_LocalRotation.w
      value: 1
      objectReference: {fileID: 0}
    - target: {fileID: 489218, guid: 0fbad0c1f9d5a4dc4b5b0f0f88d284fa, type: 2}
      propertyPath: m_RootOrder
      value: 0
      objectReference: {fileID: 0}
    m_RemovedComponents: []
  m_ParentPrefab: {fileID: 100100000, guid: 0fbad0c1f9d5a4dc4b5b0f0f88d284fa, type: 2}
  m_IsPrefabParent: 0
--- !u!1 &1930015733
GameObject:
  m_ObjectHideFlags: 0
  m_PrefabParentObject: {fileID: 0}
  m_PrefabInternal: {fileID: 0}
  serializedVersion: 4
  m_Component:
  - 4: {fileID: 1930015736}
  - 212: {fileID: 1930015735}
  - 95: {fileID: 1930015734}
  m_Layer: 8
  m_Name: figures_0
  m_TagString: Untagged
  m_Icon: {fileID: 0}
  m_NavMeshLayer: 0
  m_StaticEditorFlags: 0
  m_IsActive: 1
--- !u!95 &1930015734
Animator:
  serializedVersion: 3
  m_ObjectHideFlags: 0
  m_PrefabParentObject: {fileID: 0}
  m_PrefabInternal: {fileID: 0}
  m_GameObject: {fileID: 1930015733}
  m_Enabled: 1
  m_Avatar: {fileID: 0}
  m_Controller: {fileID: 9100000, guid: 40a78d74dec024ac9975d8b15814088c, type: 2}
  m_CullingMode: 0
  m_UpdateMode: 0
  m_ApplyRootMotion: 0
  m_LinearVelocityBlending: 0
  m_WarningMessage: 
  m_HasTransformHierarchy: 1
  m_AllowConstantClipSamplingOptimization: 1
--- !u!212 &1930015735
SpriteRenderer:
  m_ObjectHideFlags: 0
  m_PrefabParentObject: {fileID: 0}
  m_PrefabInternal: {fileID: 0}
  m_GameObject: {fileID: 1930015733}
  m_Enabled: 1
  m_CastShadows: 0
  m_ReceiveShadows: 0
  m_Materials:
  - {fileID: 10754, guid: 0000000000000000e000000000000000, type: 0}
  m_SubsetIndices: 
  m_StaticBatchRoot: {fileID: 0}
  m_UseLightProbes: 1
  m_ReflectionProbeUsage: 1
  m_ProbeAnchor: {fileID: 0}
  m_ScaleInLightmap: 1
  m_PreserveUVs: 0
  m_ImportantGI: 0
  m_AutoUVMaxDistance: .5
  m_AutoUVMaxAngle: 89
  m_LightmapParameters: {fileID: 0}
  m_SortingLayerID: 0
  m_SortingOrder: 0
  m_Sprite: {fileID: 21300000, guid: ea66ef96d13eb444c8f9914aa786d73c, type: 3}
  m_Color: {r: 1, g: 1, b: 1, a: 1}
--- !u!4 &1930015736
Transform:
  m_ObjectHideFlags: 0
  m_PrefabParentObject: {fileID: 0}
  m_PrefabInternal: {fileID: 0}
  m_GameObject: {fileID: 1930015733}
  m_LocalRotation: {x: 0, y: 0, z: 0, w: 1}
  m_LocalPosition: {x: 0, y: 0, z: 0}
  m_LocalScale: {x: 1, y: 1, z: 1}
  m_Children: []
  m_Father: {fileID: 1731486231}
  m_RootOrder: 1
--- !u!1 &1931923358
GameObject:
  m_ObjectHideFlags: 0
  m_PrefabParentObject: {fileID: 0}
  m_PrefabInternal: {fileID: 0}
  serializedVersion: 4
  m_Component:
  - 4: {fileID: 1931923359}
  m_Layer: 8
  m_Name: Ground Sensor
  m_TagString: Untagged
  m_Icon: {fileID: 0}
  m_NavMeshLayer: 0
  m_StaticEditorFlags: 0
  m_IsActive: 1
--- !u!4 &1931923359
Transform:
  m_ObjectHideFlags: 0
  m_PrefabParentObject: {fileID: 0}
  m_PrefabInternal: {fileID: 0}
  m_GameObject: {fileID: 1931923358}
  m_LocalRotation: {x: 0, y: 0, z: 0, w: 1}
  m_LocalPosition: {x: 0, y: -.970000029, z: 0}
  m_LocalScale: {x: 1, y: 1, z: 1}
  m_Children: []
  m_Father: {fileID: 1731486231}
  m_RootOrder: 0
--- !u!1001 &1937769000
Prefab:
  m_ObjectHideFlags: 0
  serializedVersion: 2
  m_Modification:
    m_TransformParent: {fileID: 0}
    m_Modifications:
    - target: {fileID: 495166, guid: 5c0249a12d44f4145b0272c3158e588b, type: 2}
      propertyPath: m_LocalPosition.x
      value: 25.5599995
      objectReference: {fileID: 0}
    - target: {fileID: 495166, guid: 5c0249a12d44f4145b0272c3158e588b, type: 2}
      propertyPath: m_LocalPosition.y
      value: 8.36999989
      objectReference: {fileID: 0}
    - target: {fileID: 495166, guid: 5c0249a12d44f4145b0272c3158e588b, type: 2}
      propertyPath: m_LocalPosition.z
      value: 0
      objectReference: {fileID: 0}
    - target: {fileID: 495166, guid: 5c0249a12d44f4145b0272c3158e588b, type: 2}
      propertyPath: m_LocalRotation.x
      value: 0
      objectReference: {fileID: 0}
    - target: {fileID: 495166, guid: 5c0249a12d44f4145b0272c3158e588b, type: 2}
      propertyPath: m_LocalRotation.y
      value: 0
      objectReference: {fileID: 0}
    - target: {fileID: 495166, guid: 5c0249a12d44f4145b0272c3158e588b, type: 2}
      propertyPath: m_LocalRotation.z
      value: 0
      objectReference: {fileID: 0}
    - target: {fileID: 495166, guid: 5c0249a12d44f4145b0272c3158e588b, type: 2}
      propertyPath: m_LocalRotation.w
      value: 1
      objectReference: {fileID: 0}
    - target: {fileID: 495166, guid: 5c0249a12d44f4145b0272c3158e588b, type: 2}
      propertyPath: m_RootOrder
      value: 2
      objectReference: {fileID: 0}
    - target: {fileID: 146816, guid: 5c0249a12d44f4145b0272c3158e588b, type: 2}
      propertyPath: m_Name
      value: Platform 3
      objectReference: {fileID: 0}
    - target: {fileID: 6169832, guid: 5c0249a12d44f4145b0272c3158e588b, type: 2}
      propertyPath: m_UsedByEffector
      value: 1
      objectReference: {fileID: 0}
    - target: {fileID: 25130286, guid: 5c0249a12d44f4145b0272c3158e588b, type: 2}
      propertyPath: m_UseSideFriction
      value: 0
      objectReference: {fileID: 0}
    - target: {fileID: 25130286, guid: 5c0249a12d44f4145b0272c3158e588b, type: 2}
      propertyPath: m_UseOneWay
      value: 1
      objectReference: {fileID: 0}
    m_RemovedComponents: []
  m_ParentPrefab: {fileID: 100100000, guid: 5c0249a12d44f4145b0272c3158e588b, type: 2}
  m_IsPrefabParent: 0
--- !u!1001 &1977745154
Prefab:
  m_ObjectHideFlags: 0
  serializedVersion: 2
  m_Modification:
    m_TransformParent: {fileID: 0}
    m_Modifications:
    - target: {fileID: 495166, guid: 5c0249a12d44f4145b0272c3158e588b, type: 2}
      propertyPath: m_LocalPosition.x
      value: 19.2999992
      objectReference: {fileID: 0}
    - target: {fileID: 495166, guid: 5c0249a12d44f4145b0272c3158e588b, type: 2}
      propertyPath: m_LocalPosition.y
      value: 6.84000015
      objectReference: {fileID: 0}
    - target: {fileID: 495166, guid: 5c0249a12d44f4145b0272c3158e588b, type: 2}
      propertyPath: m_LocalPosition.z
      value: 0
      objectReference: {fileID: 0}
    - target: {fileID: 495166, guid: 5c0249a12d44f4145b0272c3158e588b, type: 2}
      propertyPath: m_LocalRotation.x
      value: 0
      objectReference: {fileID: 0}
    - target: {fileID: 495166, guid: 5c0249a12d44f4145b0272c3158e588b, type: 2}
      propertyPath: m_LocalRotation.y
      value: 0
      objectReference: {fileID: 0}
    - target: {fileID: 495166, guid: 5c0249a12d44f4145b0272c3158e588b, type: 2}
      propertyPath: m_LocalRotation.z
      value: 0
      objectReference: {fileID: 0}
    - target: {fileID: 495166, guid: 5c0249a12d44f4145b0272c3158e588b, type: 2}
      propertyPath: m_LocalRotation.w
      value: 1
      objectReference: {fileID: 0}
    - target: {fileID: 495166, guid: 5c0249a12d44f4145b0272c3158e588b, type: 2}
      propertyPath: m_RootOrder
      value: 1
      objectReference: {fileID: 0}
    - target: {fileID: 146816, guid: 5c0249a12d44f4145b0272c3158e588b, type: 2}
      propertyPath: m_Name
      value: Platform 2
      objectReference: {fileID: 0}
    - target: {fileID: 6169832, guid: 5c0249a12d44f4145b0272c3158e588b, type: 2}
      propertyPath: m_UsedByEffector
      value: 1
      objectReference: {fileID: 0}
    - target: {fileID: 25130286, guid: 5c0249a12d44f4145b0272c3158e588b, type: 2}
      propertyPath: m_UseSideFriction
      value: 0
      objectReference: {fileID: 0}
    - target: {fileID: 25130286, guid: 5c0249a12d44f4145b0272c3158e588b, type: 2}
      propertyPath: m_UseOneWay
      value: 1
      objectReference: {fileID: 0}
    m_RemovedComponents: []
  m_ParentPrefab: {fileID: 100100000, guid: 5c0249a12d44f4145b0272c3158e588b, type: 2}
  m_IsPrefabParent: 0
--- !u!1 &2014578968
GameObject:
  m_ObjectHideFlags: 0
  m_PrefabParentObject: {fileID: 0}
  m_PrefabInternal: {fileID: 0}
  serializedVersion: 4
  m_Component:
  - 4: {fileID: 2014578972}
  - 33: {fileID: 2014578971}
  - 23: {fileID: 2014578970}
  - 61: {fileID: 2014578969}
  m_Layer: 0
  m_Name: Cube
  m_TagString: Untagged
  m_Icon: {fileID: 0}
  m_NavMeshLayer: 0
  m_StaticEditorFlags: 0
  m_IsActive: 1
--- !u!61 &2014578969
BoxCollider2D:
  m_ObjectHideFlags: 0
  m_PrefabParentObject: {fileID: 0}
  m_PrefabInternal: {fileID: 0}
  m_GameObject: {fileID: 2014578968}
  m_Enabled: 1
  m_Material: {fileID: 0}
  m_IsTrigger: 0
  m_UsedByEffector: 0
  m_Offset: {x: 0, y: 0}
  serializedVersion: 2
  m_Size: {x: 1, y: 1}
--- !u!23 &2014578970
MeshRenderer:
  m_ObjectHideFlags: 0
  m_PrefabParentObject: {fileID: 0}
  m_PrefabInternal: {fileID: 0}
  m_GameObject: {fileID: 2014578968}
  m_Enabled: 1
  m_CastShadows: 1
  m_ReceiveShadows: 1
  m_Materials:
  - {fileID: 10303, guid: 0000000000000000f000000000000000, type: 0}
  m_SubsetIndices: 
  m_StaticBatchRoot: {fileID: 0}
  m_UseLightProbes: 1
  m_ReflectionProbeUsage: 1
  m_ProbeAnchor: {fileID: 0}
  m_ScaleInLightmap: 1
  m_PreserveUVs: 1
  m_ImportantGI: 0
  m_AutoUVMaxDistance: .5
  m_AutoUVMaxAngle: 89
  m_LightmapParameters: {fileID: 0}
  m_SortingLayerID: 0
  m_SortingOrder: 0
--- !u!33 &2014578971
MeshFilter:
  m_ObjectHideFlags: 0
  m_PrefabParentObject: {fileID: 0}
  m_PrefabInternal: {fileID: 0}
  m_GameObject: {fileID: 2014578968}
  m_Mesh: {fileID: 10202, guid: 0000000000000000e000000000000000, type: 0}
--- !u!4 &2014578972
Transform:
  m_ObjectHideFlags: 0
  m_PrefabParentObject: {fileID: 0}
  m_PrefabInternal: {fileID: 0}
  m_GameObject: {fileID: 2014578968}
  m_LocalRotation: {x: 0, y: 0, z: 0, w: 1}
  m_LocalPosition: {x: 28.8999996, y: 13.8800001, z: -.0500000007}
  m_LocalScale: {x: 1, y: 18.8912125, z: 1}
  m_Children: []
  m_Father: {fileID: 0}
  m_RootOrder: 12
--- !u!1001 &2033441980
Prefab:
  m_ObjectHideFlags: 0
  serializedVersion: 2
  m_Modification:
    m_TransformParent: {fileID: 0}
    m_Modifications:
    - target: {fileID: 495166, guid: 5c0249a12d44f4145b0272c3158e588b, type: 2}
      propertyPath: m_LocalPosition.x
      value: 36.25
      objectReference: {fileID: 0}
    - target: {fileID: 495166, guid: 5c0249a12d44f4145b0272c3158e588b, type: 2}
      propertyPath: m_LocalPosition.y
      value: 10.54
      objectReference: {fileID: 0}
    - target: {fileID: 495166, guid: 5c0249a12d44f4145b0272c3158e588b, type: 2}
      propertyPath: m_LocalPosition.z
      value: 0
      objectReference: {fileID: 0}
    - target: {fileID: 495166, guid: 5c0249a12d44f4145b0272c3158e588b, type: 2}
      propertyPath: m_LocalRotation.x
      value: 0
      objectReference: {fileID: 0}
    - target: {fileID: 495166, guid: 5c0249a12d44f4145b0272c3158e588b, type: 2}
      propertyPath: m_LocalRotation.y
      value: 0
      objectReference: {fileID: 0}
    - target: {fileID: 495166, guid: 5c0249a12d44f4145b0272c3158e588b, type: 2}
      propertyPath: m_LocalRotation.z
      value: 0
      objectReference: {fileID: 0}
    - target: {fileID: 495166, guid: 5c0249a12d44f4145b0272c3158e588b, type: 2}
      propertyPath: m_LocalRotation.w
      value: 1
      objectReference: {fileID: 0}
    - target: {fileID: 495166, guid: 5c0249a12d44f4145b0272c3158e588b, type: 2}
      propertyPath: m_RootOrder
      value: 9
      objectReference: {fileID: 0}
    - target: {fileID: 146816, guid: 5c0249a12d44f4145b0272c3158e588b, type: 2}
      propertyPath: m_Name
      value: Platform 5
      objectReference: {fileID: 0}
    - target: {fileID: 6169832, guid: 5c0249a12d44f4145b0272c3158e588b, type: 2}
      propertyPath: m_UsedByEffector
      value: 1
      objectReference: {fileID: 0}
    - target: {fileID: 25130286, guid: 5c0249a12d44f4145b0272c3158e588b, type: 2}
      propertyPath: m_UseSideFriction
      value: 0
      objectReference: {fileID: 0}
    - target: {fileID: 25130286, guid: 5c0249a12d44f4145b0272c3158e588b, type: 2}
      propertyPath: m_UseOneWay
      value: 1
      objectReference: {fileID: 0}
    m_RemovedComponents:
    - {fileID: 25130286, guid: 5c0249a12d44f4145b0272c3158e588b, type: 2}
  m_ParentPrefab: {fileID: 100100000, guid: 5c0249a12d44f4145b0272c3158e588b, type: 2}
  m_IsPrefabParent: 0
--- !u!4 &2096204379 stripped
Transform:
  m_PrefabParentObject: {fileID: 489218, guid: 0fbad0c1f9d5a4dc4b5b0f0f88d284fa, type: 2}
  m_PrefabInternal: {fileID: 1418506955}
--- !u!1001 &2113137250
Prefab:
  m_ObjectHideFlags: 0
  serializedVersion: 2
  m_Modification:
    m_TransformParent: {fileID: 0}
    m_Modifications:
    - target: {fileID: 410816, guid: ba925c0fb4664416bb6cf973184733e9, type: 2}
      propertyPath: m_LocalPosition.x
      value: 5.11000013
      objectReference: {fileID: 0}
    - target: {fileID: 410816, guid: ba925c0fb4664416bb6cf973184733e9, type: 2}
      propertyPath: m_LocalPosition.y
      value: 3.63000011
      objectReference: {fileID: 0}
    - target: {fileID: 410816, guid: ba925c0fb4664416bb6cf973184733e9, type: 2}
      propertyPath: m_LocalPosition.z
      value: 0
      objectReference: {fileID: 0}
    - target: {fileID: 410816, guid: ba925c0fb4664416bb6cf973184733e9, type: 2}
      propertyPath: m_LocalRotation.x
      value: 0
      objectReference: {fileID: 0}
    - target: {fileID: 410816, guid: ba925c0fb4664416bb6cf973184733e9, type: 2}
      propertyPath: m_LocalRotation.y
      value: 0
      objectReference: {fileID: 0}
    - target: {fileID: 410816, guid: ba925c0fb4664416bb6cf973184733e9, type: 2}
      propertyPath: m_LocalRotation.z
      value: 0
      objectReference: {fileID: 0}
    - target: {fileID: 410816, guid: ba925c0fb4664416bb6cf973184733e9, type: 2}
      propertyPath: m_LocalRotation.w
      value: 1
      objectReference: {fileID: 0}
    - target: {fileID: 410816, guid: ba925c0fb4664416bb6cf973184733e9, type: 2}
      propertyPath: m_RootOrder
      value: 5
      objectReference: {fileID: 0}
    m_RemovedComponents: []
  m_ParentPrefab: {fileID: 100100000, guid: ba925c0fb4664416bb6cf973184733e9, type: 2}
  m_IsPrefabParent: 0
--- !u!1 &2113751199
GameObject:
  m_ObjectHideFlags: 0
  m_PrefabParentObject: {fileID: 0}
  m_PrefabInternal: {fileID: 0}
  serializedVersion: 4
  m_Component:
  - 4: {fileID: 2113751201}
  - 114: {fileID: 2113751200}
  m_Layer: 0
  m_Name: Spawner
  m_TagString: Untagged
  m_Icon: {fileID: 0}
  m_NavMeshLayer: 0
  m_StaticEditorFlags: 0
  m_IsActive: 1
--- !u!114 &2113751200
MonoBehaviour:
  m_ObjectHideFlags: 0
  m_PrefabParentObject: {fileID: 0}
  m_PrefabInternal: {fileID: 0}
  m_GameObject: {fileID: 2113751199}
  m_Enabled: 1
  m_EditorHideFlags: 0
  m_Script: {fileID: 11500000, guid: efc31b50238a64f0fad176d86bd4b9c9, type: 3}
  m_Name: 
  m_EditorClassIdentifier: 
  prefabToSpawn: {fileID: 117468, guid: ba925c0fb4664416bb6cf973184733e9, type: 2}
  numberToSpawn: 100
  delay: .100000001
--- !u!4 &2113751201
Transform:
  m_ObjectHideFlags: 0
  m_PrefabParentObject: {fileID: 0}
  m_PrefabInternal: {fileID: 0}
  m_GameObject: {fileID: 2113751199}
  m_LocalRotation: {x: 0, y: 0, z: 0, w: 1}
  m_LocalPosition: {x: 38.2900009, y: 13.6000004, z: -.0500000007}
  m_LocalScale: {x: 1, y: 1, z: 1}
  m_Children: []
  m_Father: {fileID: 0}
  m_RootOrder: 11
